<?xml version="1.0" encoding="UTF-8"?><collection xmlns="http://www.loc.gov/MARC21/slim"><record><leader>00546nam--2200193-i-4500</leader><controlfield tag="001">000003167</controlfield><controlfield tag="002">20161230</controlfield><controlfield tag="005">20161230201025</controlfield><controlfield tag="008">060222s1000------------r-----000-0-fre-d</controlfield><datafield ind1=" " ind2=" " tag="040"><subfield code="a">IFIN-HH</subfield></datafield><datafield ind1=" " ind2=" " tag="041"><subfield code="a">fre</subfield></datafield><datafield ind1=" " ind2=" " tag="080"><subfield code="a">536.6:57</subfield></datafield><datafield ind1="1" ind2=" " tag="100"><subfield code="a">Calvet, E</subfield></datafield><datafield ind1="1" ind2="0" tag="245"><subfield code="a">Microcalorimetrie</subfield><subfield code="b">Applications physico-chimicues et biologiques. preface du pr.f.d. rossini</subfield><subfield code="c">E. calvet; h. prat</subfield></datafield><datafield ind1=" " ind2=" " tag="260"><subfield code="a">Paris</subfield><subfield code="b">Masson Et C-ie, Editeurs</subfield><subfield code="c">1956</subfield></datafield><datafield ind1=" " ind2=" " tag="300"><subfield code="a">VIII + 395 P,</subfield></datafield><datafield ind1="1" ind2=" " tag="700"><subfield code="a">Prat, H</subfield></datafield><datafield ind1=" " ind2=" " tag="852"><subfield code="a">12651</subfield><subfield code="c">536</subfield></datafield><datafield ind1=" " ind2=" " tag="CAT"><subfield code="a">Sys</subfield><subfield code="c">20110503</subfield><subfield code="h">140047</subfield></datafield></record></collection>